<record><leader>01165cam a2200313 a 4500</leader><controlfield tag="001">1002074</controlfield><controlfield tag="008">880412s1985    gw c     b        0 ger d</controlfield><datafield ind1=" " ind2=" " tag="010"><subfield code="a">   85200869</subfield></datafield><datafield ind1=" " ind2=" " tag="020"><subfield code="a">3873582279 (Deut. Bibl.)</subfield></datafield><datafield ind1=" " ind2=" " tag="035"><subfield code="a">ocm13425703</subfield></datafield><datafield ind1=" " ind2=" " tag="040"><subfield code="a">DLC</subfield><subfield code="b">eng</subfield><subfield code="c">DLC</subfield></datafield><datafield ind1=" " ind2=" " tag="049"><subfield code="a">AEU</subfield><subfield code="b">eng</subfield></datafield><datafield ind1="0" ind2="0" tag="050"><subfield code="a">BX4827.B78</subfield><subfield code="b">R83 1985</subfield></datafield><datafield ind1="0" ind2=" " tag="082"><subfield code="a">230/.092/4</subfield><subfield code="2">19</subfield></datafield><datafield ind1="0" ind2=" " tag="090"><subfield code="a">BX 4827 B78 R917 1985</subfield></datafield><datafield ind1="0" ind2="0" tag="245"><subfield code="a">Rudolf Bultmann, 100 Jahre :</subfield><subfield code="b">Oldenburger Vortr&#228;ge /</subfield><subfield code="c">Hartwig Thyen ... [et al. ; herausgegeben von der Stadt Oldenburg, Kulturdezernat].</subfield></datafield><datafield ind1=" " ind2=" " tag="260"><subfield code="a">Oldenburg :</subfield><subfield code="b">H. Holzberg,</subfield><subfield code="c">c1985.</subfield></datafield><datafield ind1=" " ind2=" " tag="300"><subfield code="a">125 p. :</subfield><subfield code="b">1 port. ;</subfield><subfield code="c">21 cm.</subfield></datafield><datafield ind1=" " ind2=" " tag="336"><subfield code="a">text</subfield><subfield code="b">txt</subfield><subfield code="2">rdacontent</subfield></datafield><datafield ind1=" " ind2=" " tag="337"><subfield code="a">unmediated</subfield><subfield code="b">n</subfield><subfield code="2">rdamedia</subfield></datafield><datafield ind1=" " ind2=" " tag="338"><subfield code="a">volume</subfield><subfield code="b">nc</subfield><subfield code="2">rdacarrier</subfield></datafield><datafield ind1=" " ind2=" " tag="504"><subfield code="a">"Rudolf Bultmann, die wichtigsten Ver&#246;ffentlichungen": p. 124.</subfield></datafield><datafield ind1=" " ind2=" " tag="504"><subfield code="a">Bibliography: p. 125.</subfield></datafield><datafield ind1=" " ind2=" " tag="596"><subfield code="a">38</subfield></datafield><datafield ind1="1" ind2="0" tag="600"><subfield code="a">Bultmann, Rudolf,</subfield><subfield code="d">1884-1976.</subfield></datafield><datafield ind1="1" ind2=" " tag="700"><subfield code="a">Bultmann, Rudolf,</subfield><subfield code="d">1884-1976.</subfield></datafield><datafield ind1="1" ind2=" " tag="700"><subfield code="a">Thyen, Hartwig.</subfield></datafield><datafield ind1="1" ind2=" " tag="710"><subfield code="a">Oldenburg (Germany).</subfield><subfield code="b">Kulturdezernat.</subfield></datafield><datafield ind1=" " ind2=" " tag="926"><subfield code="a">BX 4827 B78 R917 1985</subfield><subfield code="w">LC</subfield><subfield code="c">1</subfield><subfield code="i">000024084501</subfield><subfield code="l">ON_SHELF</subfield><subfield code="m">UABARD</subfield><subfield code="p">$150.00</subfield><subfield code="r">Y</subfield><subfield code="s">Y</subfield><subfield code="t">BOOK</subfield><subfield code="u">4/13/1988</subfield><subfield code="o">.STAFF. A0060625</subfield></datafield></record>